<record><leader>00000cas a22000007a 4500</leader><controlfield tag="001">32997028</controlfield><controlfield tag="008">950816d19uu19uuakuuu ne      0    0eng d</controlfield><datafield ind1=" " ind2=" " tag="010"><subfield code="a">sn 95060025 </subfield><subfield code="z">sn 95000600 </subfield></datafield><datafield ind1=" " ind2=" " tag="040"><subfield code="a">ANE</subfield><subfield code="b">eng</subfield><subfield code="c">ANE</subfield><subfield code="d">DLC</subfield><subfield code="d">ANE</subfield><subfield code="d">OCLCQ</subfield><subfield code="d">OCLCF</subfield><subfield code="d">OCLCO</subfield></datafield><datafield ind1="1" ind2=" " tag="029"><subfield code="a">AU@</subfield><subfield code="b">000011997277</subfield></datafield><datafield ind1=" " ind2=" " tag="042"><subfield code="a">msc</subfield></datafield><datafield ind1=" " ind2=" " tag="043"><subfield code="a">n-us-ak</subfield></datafield><datafield ind1="0" ind2="4" tag="245"><subfield code="a">The Council news bulletin.</subfield></datafield><datafield ind1=" " ind2=" " tag="260"><subfield code="a">[Council, Alaska :</subfield><subfield code="b">S.n.]</subfield></datafield><datafield ind1=" " ind2=" " tag="300"><subfield code="a">v.</subfield></datafield><datafield ind1=" " ind2=" " tag="588"><subfield code="a">Description based on: Dec. 17, 1918.</subfield></datafield><datafield ind1=" " ind2="0" tag="651"><subfield code="a">Council (Alaska)</subfield><subfield code="v">Newspapers.</subfield></datafield><datafield ind1=" " ind2="7" tag="655"><subfield code="a">Newspapers.</subfield><subfield code="2">fast</subfield><subfield code="0">(OCoLC)fst01423814</subfield></datafield><datafield ind1=" " ind2="7" tag="651"><subfield code="a">Alaska</subfield><subfield code="z">Council.</subfield><subfield code="2">fast</subfield><subfield code="0">(OCoLC)fst01248078</subfield></datafield><datafield ind1=" " ind2=" " tag="752"><subfield code="a">United States</subfield><subfield code="b">Alaska</subfield><subfield code="d">Council.</subfield></datafield><datafield ind1="0" ind2="0" tag="780"><subfield code="t">Council evening bulletin</subfield><subfield code="w">(DLC)sn 95060024</subfield><subfield code="w">(OCoLC)32997022</subfield></datafield></record>